@misc{crypto,
  author = {Megan Frydel},
  title = {Whatâ€™s The Difference Between CPU and GPU Mining?},
  howpublished = "\url{https://bitemycoin.com/cryptocurrency-mining/whats-the-difference-between-cpu-and-gpu-mining/}",
  year = {[Online, 2021-04-21]}
}

@book{manolopoulos2012advanced,
	title={Advanced database indexing},
	author={Manolopoulos, Yannis and Theodoridis, Yannis and Tsotras, Vassilis},
	volume={17},
	year={2012},
	publisher={Springer Science \& Business Media}
}

@misc{normaliz,
  author = {Simonx Xu, Marry Qiu (Microsoft)},
  title = {Description of the database normalization basics},
  howpublished = "\url{https://docs.microsoft.com/en-us/office/troubleshoot/access/database-normalization-description}",
  year = {[Online, 2021-04-21]}
}

@misc{denormaliz,
  title       = "Denormalization Effects on Performance of RDBMS ",
  author       = "{G. Lawrence Sanders, Seungkyoon Shin }",
  howpublished = "\url{https://web.archive.org/web/20171201030308/https://pdfs.semanticscholar.org/2c79/069c01ba8d598f32e61fe367ef6d261a0cb4.pdf}",
  year         = {2001}
}
    
@misc{other_optimization,
  author = {Mohamed Aladdin},
  title = {MySQL Performance Optimization},
  howpublished = "\url{https://codeburst.io/database-performance-optimization-8d8407808b5b}",
  year = {2018}
}

@misc{explain,
  author = {MySQL},
  title = {8.8 Understanding the Query Execution Plan (version 8.0)},
  howpublished = "\url{https://dev.mysql.com/doc/refman/8.0/en/execution-plan-information.html}",
  year ={[Online, 2021-04-21]}
}

@misc{connector,
  author = {MySQL},
  title = {MySQL Connectors},
  howpublished = "\url{https://www.mysql.com/products/connector/}",
  year ={[Online, 2021-04-21]}
}

@misc{connector_program,
  author = {MySQL},
  title = {Chapter 6 Connector/C++: Usage Examples (version 1.1)},
  howpublished = "\url{https://dev.mysql.com/doc/connector-cpp/1.1/en/connector-cpp-getting-started-examples.html}",
  year ={[Online, 2021-04-21]}
}

@misc{opencl,
  author = {Leonardo Araujo dos Santos},
  title = {Paralell programing, Introduction to OpenCL},
  howpublished = "\url{https://leonardoaraujosantos.gitbook.io/opencl/chapter1}",
  year ={[Online, 2021-04-21]}
}